<?xml version="1.0" encoding="UTF-8"?>
<SOAP-ENV:Envelope xmlns:SOAP-ENV="http://schemas.xmlsoap.org/soap/envelope/" xmlns:of="http://oss.dbc.dk/ns/openformat" xmlns:ofo="http://oss.dbc.dk/ns/openformatoutput"><SOAP-ENV:Body><of:formatResponse><marc21><mx:record xmlns:mx="http://www.loc.gov/MARC21/slim" format="MARC21" type="Bibliographic"><mx:leader>00000ngm a22000000c 4500</mx:leader><mx:controlfield tag="008">110216s2010    dk |||||o|||| ||||||dan|d</mx:controlfield><mx:datafield ind1=" " ind2=" " tag="020"><mx:subfield code="c">Adgang til streaming for biblioteksbrugere i kommuner med abonnement på Filmstriben</mx:subfield></mx:datafield><mx:datafield ind1="1" ind2=" " tag="029"><mx:subfield code="a">DKDLA</mx:subfield><mx:subfield code="b">870970-basis:28655746</mx:subfield></mx:datafield><mx:datafield ind1=" " ind2=" " tag="040"><mx:subfield code="a">DKDLA</mx:subfield><mx:subfield code="b">dan</mx:subfield><mx:subfield code="c">DKDLA</mx:subfield></mx:datafield><mx:datafield ind1=" " ind2=" " tag="084"><mx:subfield code="a">77.74</mx:subfield><mx:subfield code="2">z</mx:subfield></mx:datafield><mx:datafield ind1="1" ind2="0" tag="245"><mx:subfield code="a">Asterix og vikingerne/</mx:subfield><mx:subfield code="c">based on the work of René Goscinny and Albert Uderzo ; script and dialogue Jean-Luc Goossens ; with the collaboration of Stefan Fjeldmark ; directed by Stefan Fjeldmark and Jesper Møller ; produced by Natalie Altmann, Thomas Valentin ; lead animation Rune Bennicke ... [et al.] ; [dansk] instruktør Sonny Lahey ; oversætter Trine Dansgꜳrd ; [dansk] producer Svend Christensen</mx:subfield></mx:datafield><mx:datafield ind1=" " ind2=" " tag="260"><mx:subfield code="b">SF Film,</mx:subfield><mx:subfield code="c">[2011]</mx:subfield></mx:datafield><mx:datafield ind1="1" ind2=" " tag="700"><mx:subfield code="a">Goscinny, René</mx:subfield></mx:datafield><mx:datafield ind1="1" ind2=" " tag="700"><mx:subfield code="a">Uderzo, Albert</mx:subfield></mx:datafield><mx:datafield ind1="1" ind2=" " tag="700"><mx:subfield code="a">Fjeldmark, Stefan</mx:subfield></mx:datafield><mx:datafield ind1="1" ind2=" " tag="700"><mx:subfield code="a">Møller, Jesper,</mx:subfield><mx:subfield code="c">filminstruktør</mx:subfield></mx:datafield><mx:datafield ind1="1" ind2=" " tag="700"><mx:subfield code="a">Goossens, Jean-Luc</mx:subfield></mx:datafield><mx:datafield ind1=" " ind2=" " tag="856"><mx:subfield code="z">Adgangsmåde: Internet</mx:subfield><mx:subfield code="u">http://www.filmstriben.dk/?showfilm=2668960000</mx:subfield><mx:subfield code="z">Adgang til streaming</mx:subfield></mx:datafield><mx:datafield ind1=" " ind2=" " tag="901"><mx:subfield code="a">791</mx:subfield></mx:datafield></mx:record><hs activity="insert">DKDLA</hs><hs activity="insert">DKB</hs></marc21></of:formatResponse></SOAP-ENV:Body></SOAP-ENV:Envelope>
